@article{wertheimer1923laws,
  title={Laws of organization in perceptual forms},
  author={Wertheimer, Max},
  journal={A source book of Gestalt Psychology},
  year={1923},
  publisher={Harcourt Brace, Jovanovic}
}

@Article{amfm_pami2011,
 author = {Arbelaez, Pablo and Maire, Michael and Fowlkes, Charless and Malik, Jitendra},
 title = {Contour Detection and Hierarchical Image Segmentation},
 journal = {TPAMI},
 year = {2011}
} 

@article{fragkiadaki2015learning,
  title={Learning Visual Predictive Models of Physics for Playing Billiards},
  author={Fragkiadaki, Katerina and Agrawal, Pulkit and Levine, Sergey and Malik, Jitendra},
  journal={ICLR},
  year={2016}
}

@inproceedings{lerer2016learning,
  title={Learning Physical Intuition of Block Towers by Example},
  author={Lerer, Adam and Gross, Sam and Fergus, Rob},
  booktitle={ICML},
  year={2016}
}


@inproceedings{li2016fall,
title = {Visual Stability Prediction for Robotic Manipulation},
author = {Wenbin Li and Ales Leonardis and Mario Fritz},
url = {https://scalable.mpi-inf.mpg.de/files/2017/04/icra2017-visualstabilitypredictionforroboticmanipulation.pdf},
year = {2017},
date = {2017-05-23},
booktitle = {IEEE International Conference on Robotics and Automation (ICRA)},
note = {to appear},
keywords = {2017},
pubstate = {published},
tppubtype = {inproceedings}
}

@inproceedings{srivastava2015unsupervised,
  title={Unsupervised learning of video representations using LSTMs},
  author={Srivastava, Nitish and Mansimov, Elman and Salakhutdinov, Ruslan},
  booktitle={ICML},
  year={2015}
}

@article{ranzato2014video,
  title={Video (language) modeling: a baseline for generative models of natural videos},
  author={Ranzato, MarcAurelio and Szlam, Arthur and Bruna, Joan and Mathieu, Michael and Collobert, Ronan and Chopra, Sumit},
  journal={arXiv:1412.6604},
  year={2014}
}

@article{mathieu2015deep,
  title={Deep multi-scale video prediction beyond mean square error},
  author={Mathieu, Michael and Couprie, Camille and LeCun, Yann},
  journal={ICLR},
  year={2016}
}

@inproceedings{sutskever2009recurrent,
  title={The recurrent temporal restricted boltzmann machine},
  author={Sutskever, Ilya and Hinton, Geoffrey E and Taylor, Graham W},
  booktitle={NIPS},
  year={2009}
}

@inproceedings{michalski2014modeling,
  title={Modeling Deep Temporal Dependencies with Recurrent Grammar Cells},
  author={Michalski, Vincent and Memisevic, Roland and Konda, Kishore},
  booktitle={NIPS},
  year={2014}
}

@inproceedings{galasso2013unified,
  title={A unified video segmentation benchmark: Annotation, metrics and analysis},
  author={Galasso, Fabio and Nagaraja, Naveen and Cardenas, Tatiana and Brox, Thomas and Schiele, Bernt},
  booktitle={CVPR},
  year={2013}
}

@inproceedings{wu2015galileo,
  title={Galileo: Perceiving Physical Object Properties by Integrating a Physics Engine with Deep Learning},
  author={Wu, Jiajun and Yildirim, Ilker and Lim, Joseph J and Freeman, Bill and Tenenbaum, Josh},
  booktitle={NIPS},
  year={2015}
}

@inproceedings{mottaghi2015newtonian,
  title={Newtonian Image Understanding: Unfolding the Dynamics of Objects in Static Images},
  author={Mottaghi, Roozbeh and Bagherinezhad, Hessam and Rastegari, Mohammad and Farhadi, Ali},
  booktitle={CVPR},
  year={2016}
}


@book{Smith1994, 
author = "Smith, Barry and Roberto Casati", 
title = "Naive Physics: An Essay in Ontology", 
publisher = "Philosophical Psychology", 
year = 1994} 

@article{mccloskey1983intuitive,
  title={Intuitive physics},
  author={McCloskey, Michael},
  journal={Scientific American},
  year={1983}
}


@article{baillargeon1995model,
  title={A model of physical reasoning in infancy},
  author={Baillargeon, R},
  journal={Advances in infancy research},
  year={1995},
  publisher={Ablex Publishing}
}

@article{baillargeon1994infants,
  title={How do infants learn about the physical world?},
  author={Baillargeon, Renee},
  journal={Current Directions in Psychological Science},
  year={1994},
  publisher={JSTOR}
}

@article{baillargeon2002acquisition,
  title={The acquisition of physical knowledge in infancy: A summary in eight lessons},
  author={Baillargeon, Ren{\'e}e},
  journal={Blackwell handbook of childhood cognitive development},
  year={2002}
}

@article{baillargeon2004infants,
  title={Infants' physical world},
  author={Baillargeon, Ren{\'e}e},
  journal={Current directions in psychological science},
  volume={13},
  number={3},
  pages={89--94},
  year={2004},
  publisher={SAGE Publications Sage CA: Los Angeles, CA}
}

@inproceedings{galasso2014spectral,
  title={Spectral graph reduction for efficient image and streaming video segmentation},
  author={Galasso, Fabio and Keuper, Margret and Brox, Thomas and Schiele, Bernt},
  booktitle={CVPR},
  year={2014}
}

@article{ochs2014segmentation,
  title={Segmentation of moving objects by long term video analysis},
  author={Ochs, Peter and Malik, Jagannath and Brox, Thomas},
  journal={TPAMI},
  year={2014}
}

@inproceedings{grundmann2010efficient,
  title={Efficient hierarchical graph-based video segmentation},
  author={Grundmann, Matthias and Kwatra, Vivek and Han, Mei and Essa, Irfan},
  booktitle={CVPR},
  year={2010},
}


@inproceedings{chang2013video,
  title={A video representation using temporal superpixels},
  author={Chang, Jason and Wei, Donglai and Fisher, John},
  booktitle={CVPR},
  year={2013}
}

@inproceedings{cho2014learning,
  title={Learning phrase representations using RNN encoder-decoder for statistical machine translation},
  author={Cho, Kyunghyun and Van Merri{\"e}nboer, Bart and Gulcehre, Caglar and Bahdanau, Dzmitry and Bougares, Fethi and Schwenk, Holger and Bengio, Yoshua},
  booktitle={EMNLP},
  year={2014}
}

@article{chung2014empirical,
  title={Empirical evaluation of gated recurrent neural networks on sequence modeling},
  author={Chung, Junyoung and Gulcehre, Caglar and Cho, KyungHyun and Bengio, Yoshua},
  journal={arXiv:1412.3555},
  year={2014}
}

@inproceedings{jarrett2009best,
  title={What is the best multi-stage architecture for object recognition?},
  author={Jarrett, Kevin and Kavukcuoglu, Koray and Ranzato, Marc'Aurelio and LeCun, Yann},
  booktitle={CVPR},
  year={2009}
}

@inproceedings{nair2010rectified,
  title={Rectified linear units improve restricted boltzmann machines},
  author={Nair, Vinod and Hinton, Geoffrey E},
  booktitle={ICML},
  year={2010}
}

@inproceedings{denton2015deep,
  title={Deep Generative Image Models using a Laplacian Pyramid of Adversarial Networks},
  author={Denton, Emily L and Chintala, Soumith and Szlam, Arthur and Fergus, Rob},
  booktitle={NIPS},
  year={2015}
}

@inproceedings{khoreva2016improved,
TITLE = {Improved Image Boundaries for Better Video Segmentation},
AUTHOR = {Khoreva, Anna and Benenson, Rodrigo and Galasso, Fabio and Hein, Matthias and Schiele, Bernt},
YEAR = {2016},
BOOKTITLE = {ECCV Workshop}
}


@article{bhattacharyya2016spatio,
  title={Spatio-Temporal Image Boundary Extrapolation},
  author={Bhattacharyya, Apratim and Malinowski, Mateusz and Fritz, Mario},
  journal={arXiv:1605.07363},
  year={2016}
}

@book{krotkov2012active,
  title={Active computer vision by cooperative focus and stereo},
  author={Krotkov, Eric P},
  year={2012},
  publisher={Springer Science \& Business Media}
}

@inproceedings{jain2007supervised,
  title={Supervised learning of image restoration with convolutional networks},
  author={Jain, Viren and Murray, Joseph F and Roth, Fabian and Turaga, Srinivas and Zhigulin, Valentin and Briggman, Kevin L and Helmstaedter, Moritz N and Denk, Winfried and Seung, H Sebastian},
  booktitle={CVPR},
  year={2007}
}

@inproceedings{revaud2015epicflow,
  title={EpicFlow: Edge-preserving interpolation of correspondences for optical flow},
  author={Revaud, Jerome and Weinzaepfel, Philippe and Harchaoui, Zaid and Schmid, Cordelia},
  booktitle={CVPR},
  year={2015}
}

@Inproceedings{Man+16a,
  Title          = {Convolutional Oriented Boundaries},
  Author         = {K.K. Maninis and J. Pont-Tuset and P. Arbel\'{a}ez and L. Van Gool},
  Booktitle      = {ECCV},
  Year           = {2016}
}

@inproceedings{bengio2009curriculum,
  title={Curriculum learning},
  author={Bengio, Yoshua and Louradour, J{\'e}r{\^o}me and Collobert, Ronan and Weston, Jason},
  booktitle={ICML},
  year={2009}
}

@inproceedings{fattal2002gradient,
  title={Gradient domain high dynamic range compression},
  author={Fattal, Raanan and Lischinski, Dani and Werman, Michael},
  booktitle={ACM Transactions on Graphics (TOG)},
  volume={21},
  number={3},
  pages={249--256},
  year={2002},
  organization={ACM}
}

@inproceedings{finn2016unsupervised,
  title={Unsupervised learning for physical interaction through video prediction},
  author={Finn, Chelsea and Goodfellow, Ian and Levine, Sergey},
  booktitle={NIPS},
  pages={64--72},
  year={2016}
}

@article{patraucean2015spatio,
  title={Spatio-temporal video autoencoder with differentiable memory},
  author={Patraucean, Viorica and Handa, Ankur and Cipolla, Roberto},
  journal={arXiv preprint arXiv:1511.06309},
  year={2015}
}

@inproceedings{eigen2013restoring,
  title={Restoring an image taken through a window covered with dirt or rain},
  author={Eigen, David and Krishnan, Dilip and Fergus, Rob},
  booktitle={CVPR},
  year={2013}
}

@article{mao2016image,
  title={Image restoration using convolutional auto-encoders with symmetric skip connections},
  author={Mao, Xiao-Jiao and Shen, Chunhua and Yang, Yu-Bin},
  journal={arXiv preprint arXiv:1606.08921},
  year={2016}
}

@article{villegas2017learning,
  title={Learning to Generate Long-term Future via Hierarchical Prediction},
  author={Villegas, Ruben and Yang, Jimei and Zou, Yuliang and Sohn, Sungryull and Lin, Xunyu and Lee, Honglak},
  journal={ICML, 2017},
  year={2017}
}

@article{watters2017visual,
  title={Visual Interaction Networks},
  author={Watters, Nicholas and Tacchetti, Andrea and Weber, Theophane and Pascanu, Razvan and Battaglia, Peter and Zoran, Daniel},
  journal={arXiv preprint arXiv:1706.01433},
  year={2017}
}

@article{liang2017dual,
  title={Dual Motion GAN for Future-Flow Embedded Video Prediction},
  author={Liang, Xiaodan and Lee, Lisa and Dai, Wei and Xing, Eric P},
  journal={ICCV},
  year={2017}
}

@article{liu2017video,
  title={Video Frame Synthesis using Deep Voxel Flow},
  author={Liu, Ziwei and Yeh, Raymond and Tang, Xiaoou and Liu, Yiming and Agarwala, Aseem},
  journal={ICCV},
  year={2017}
}

@article{kalchbrenner2016video,
  title={Video pixel networks},
  author={Kalchbrenner, Nal and Oord, Aaron van den and Simonyan, Karen and Danihelka, Ivo and Vinyals, Oriol and Graves, Alex and Kavukcuoglu, Koray},
  journal={ICML},
  year={2017}
}


@inproceedings{battaglia2016interaction,
  title={Interaction networks for learning about objects, relations and physics},
  author={Battaglia, Peter and Pascanu, Razvan and Lai, Matthew and Rezende, Danilo Jimenez and others},
  booktitle={Advances in Neural Information Processing Systems},
  pages={4502--4510},
  year={2016}
}
